<?xml version="1.0" encoding="UTF-8"?><collection xmlns="http://www.loc.gov/MARC21/slim"><record><leader>00516nam--2200181-u-4500</leader><controlfield tag="001">000052526</controlfield><controlfield tag="002">20161230</controlfield><controlfield tag="005">20161230201050</controlfield><controlfield tag="008">100902s1000------------r-----000-0-ger-d</controlfield><datafield ind1=" " ind2=" " tag="040"><subfield code="a">IFIN-HH</subfield></datafield><datafield ind1=" " ind2=" " tag="041"><subfield code="a">ger</subfield></datafield><datafield ind1=" " ind2=" " tag="080"><subfield code="a">539.216.2(043)</subfield></datafield><datafield ind1="1" ind2=" " tag="100"><subfield code="a">Reimer, Dietrich E</subfield></datafield><datafield ind1="1" ind2="0" tag="245"><subfield code="a">Ein beitrag zur untersuchung der physikalisch-technischen grundlagen des siebdruckverfahrens</subfield><subfield code="c">Dietrich e. reimer</subfield></datafield><datafield ind1=" " ind2=" " tag="260"><subfield code="a">Berlin</subfield><subfield code="b">Universitat</subfield><subfield code="c">1988</subfield></datafield><datafield ind1=" " ind2=" " tag="300"><subfield code="a">95 p</subfield></datafield><datafield ind1=" " ind2=" " tag="852"><subfield code="a">78779</subfield><subfield code="c">532</subfield></datafield><datafield ind1=" " ind2=" " tag="CAT"><subfield code="a">Sys</subfield><subfield code="c">20100902</subfield><subfield code="h">143706</subfield></datafield></record></collection>